@article{minka2005divergence,
  title={Divergence measures and message passing},
  author={Minka, Tom},
  journal={Microsoft Research Cambridge, Tech. Rep. MSR-TR-2005-173},
  year={2005}
}

@article{albert1993bayesian,
  title={Bayesian analysis of binary and polychotomous response data},
  author={Albert, James H and Chib, Siddhartha},
  journal={Journal of the American statistical Association},
  volume={88},
  number={422},
  pages={669--679},
  year={1993},
  publisher={Taylor \& Francis}
}
@InProceedings{liu11d,
  author =    {Qiang Liu and Alexander Ihler},
  title =     {Bounding the Partition Function using H\"older's Inequality },
  booktitle = {Proceedings of the 28th International Conference on Machine Learning (ICML-11)},
  series =    {ICML '11},
  year =      {2011},
  editor =    {Lise Getoor and Tobias Scheffer},
  location =  {Bellevue, Washington, USA},
  isbn =      {978-1-4503-0619-5},
  month =     {June},
  publisher = {ACM},
  address =   {New York, NY, USA},
  pages=      {849--856},
}
@article{polson2013bayesian,
  title={Bayesian Inference for Logistic Models Using {P\'o}lya--Gamma Latent Variables},
  author={Polson, Nicholas G and Scott, James G and Windle, Jesse},
  journal={Journal of the American Statistical Association},
  volume={108},
  number={504},
  pages={1339--1349},
  year={2013},
  publisher={Taylor \& Francis}
}
@article{arrow1958studies,
  title={Studies in linear and non-linear programming},
  author={Arrow, Kenneth J and Hurwicz, Leonid and Uzawa, Hirofumi},
  year={1958},
  publisher={Cambridge Univ. Press}
}

@article{nedic2009subgradient,
  title={Subgradient methods for saddle-point problems},
  author={Nedi{\'c}, Angelia and Ozdaglar, Asuman},
  journal={Journal of optimization theory and applications},
  volume={142},
  number={1},
  pages={205--228},
  year={2009},
  publisher={Springer}
}
@article{attias2000variational,
  title={A variational {B}ayesian framework for graphical models},
  author={Attias, Hagai},
  journal={Advances in neural information processing systems},
  volume={12},
  number={1-2},
  pages={209--215},
  year={2000}
}

@book{boyd_convex_2004,
	title = {Convex optimization},
	publisher = {Cambridge},
	author = {Boyd, S. and Vandenberghe, L.},
	year = {2004}
}

@article{gourieroux1984pseudo,
  title={Pseudo maximum likelihood methods: Theory},
  author={Gourieroux, Christian and Monfort, Alain and Trognon, Alain},
  journal={Econometrica: Journal of the Econometric Society},
  pages={681--700},
  year={1984},
  publisher={JSTOR}
}
@inproceedings{williams1991mean,
  title={Mean field networks that learn to discriminate temporally distorted strings},
  author={Williams, Christopher KI and Hinton, Geoffrey E},
  booktitle={Connectionist models: Proceedings of the 1990 summer school},
  pages={18--22},
  year={1991},
  organization={San Mateo, CA: Morgan Kaufmann}
}
@article{jordan1999introduction,
  title={An introduction to variational methods for graphical models},
  author={Jordan, Michael I and Ghahramani, Zoubin and Jaakkola, Tommi S and Saul, Lawrence K},
  journal={Machine learning},
  volume={37},
  number={2},
  pages={183--233},
  year={1999},
  publisher={Springer}
}
@article{wainwright2005new,
  title={{A new class of upper bounds on the log partition function}},
  author={Wainwright, M.J. and Jaakkola, T.S. and Willsky, A.S.},
  journal={Information Theory, IEEE Transactions on},
  volume={51},
  number={7},
  pages={2313--2335},
  issn={0018-9448},
  year={2005},
  publisher={IEEE}
}
@book{genz2009computation,
  title={Computation of multivariate normal and t probabilities},
  author={Genz, Alan and Bretz, Frank},
  volume={195},
  year={2009},
  publisher={Springer}
}
@inproceedings{ChallisBarber2011,
  title={{Concave Gaussian Variational Approximations for Inference in Large-Scale Bayesian Linear Models}},
  author={Challis, Edward and Barber, David},
  booktitle={Proceedings of the Fourteenth International Conference on Artificial Intelligence and Statistics},
  volume={15},
  pages={},
  year={2011},
  publisher={JMLR}
}

@article{SeegerNickisch2011,
   author      = {Seeger, Matthias and Nickisch, Hannes},
   issn        = {1936-4954},
   journal     = {{SIAM} {J}ournal on {I}maging {S}ciences},
   keywords    = {sparse linear model; sparsity prior; experimental
                 design; image acquisition; Bayesian statistics;
                 compressive sensing; magnetic resonance imaging},
   number      = {1},
   pages       = {166--199},
   title       = {Large {S}cale {B}ayesian {I}nference and {E}xperimental
                 {D}esign for {S}parse {L}inear {M}odels},
   volume      = {4},
   year        = 2011
}
@article{jebara2001reversing,
  title={{On reversing Jensen's inequality}},
  author={Jebara, T. and Pentland, A.},
  journal={Advances in Neural Information Processing Systems},
  pages={231--237},
  issn={1049-5258},
  year={2001},
  publisher={Citeseer}
}

@ARTICLE{Cunningham-et-al-Gaussian-EP2012,
   author = {{Cunningham}, J.~P. and {Hennig}, P. and {Lacoste-Julien}, S.
	},
    title = "{Approximate Gaussian Integration using Expectation Propagation}",
  journal = {ArXiv e-prints},
archivePrefix = "arXiv",
   eprint = {1111.6832},
 primaryClass = "stat.ML",
 keywords = {Statistics - Machine Learning},
     year = 2011,
    month = nov,
   adsurl = {http://adsabs.harvard.edu/abs/2011arXiv1111.6832C},
  adsnote = {Provided by the SAO/NASA Astrophysics Data System}
}

@article{wainwright2008graphical,
  title={Graphical models, exponential families, and variational inference},
  author={Wainwright, Martin J and Jordan, Michael I},
  journal={Foundations and Trends{\textregistered} in Machine Learning},
  volume={1},
  number={1-2},
  pages={1--305},
  year={2008},
  publisher={Now Publishers Inc.}
}
@inproceedings{seeger2010gaussian,
  title={Gaussian covariance and scalable variational inference},
  author={Seeger, Matthias},
  booktitle={International Conference on Machine Learning},
  volume={27},
  year={2010}
}
@book{bertsekas1999nonlinear,
  title={Nonlinear programming: Second edition},
  author={Bertsekas, Dimitri P},
  year={1999},
  publisher={Athena Scientific}
}


@article{opper2000gaussian,
  title={Gaussian processes for classification: Mean-field algorithms},
  author={Opper, Manfred and Winther, Ole},
  journal={Neural Computation},
  volume={12},
  number={11},
  pages={2655--2684},
  year={2000},
  publisher={MIT Press}
}

@article{csato2002sparse,
  title={Sparse on-line Gaussian processes},
  author={Csat{\'o}, Lehel and Opper, Manfred},
  journal={Neural Computation},
  volume={14},
  number={3},
  pages={641--668},
  year={2002},
  publisher={MIT Press}
}